%% This BibTeX bibliography file was created using BibDesk.
%% http://bibdesk.sourceforge.net/


%% Created for habl@zhaw at 2014-02-04 13:54:37 +0100 


%% Saved with string encoding Unicode (UTF-8) 



@webpage{forbes:haiyan-communication,
	Date-Added = {2014-02-04 12:54:24 +0000},
	Date-Modified = {2014-02-04 12:54:37 +0000},
	Url = {http://www.forbes.com/sites/ptc/2013/11/25/typhoon-haiyan-adds-failing-communication-to-misery/}}

@webpage{olpc:meshnetwork,
	Date-Added = {2014-02-04 12:47:08 +0000},
	Date-Modified = {2014-02-04 12:47:18 +0000},
	Url = {http://wiki.laptop.org/go/Mesh_Network_Details}}

@webpage{android:adhocwifi,
	Date-Added = {2014-02-04 10:13:56 +0000},
	Date-Modified = {2014-02-04 10:14:57 +0000},
	Url = {https://code.google.com/p/android/issues/detail?id=82}}

@article{ijcn:ieee80211-handover,
	Author = {Abhijit Sarma and Shantanu Joshi and Sukumar Nandi},
	Date-Added = {2014-02-04 09:01:15 +0000},
	Date-Modified = {2014-02-04 09:42:04 +0000},
	Journal = {International Journal of Computer Networks \& Communications (IJCNC)},
	Month = {May},
	Number = {3},
	Pages = {48-66},
	Title = {Context Aware Mobile Initiated Handoff For Performance Improvement in IEEE 802.11 Networks},
	Volume = {3},
	Year = {2011}}

@book{pzimmermann:introtocrypto,
	Author = {Phil Zimmermann},
	Date-Added = {2014-02-03 16:28:44 +0000},
	Date-Modified = {2014-02-03 16:29:53 +0000},
	Publisher = {NAI - Network Associates Inc.},
	Title = {An Introduction To Cryptography},
	Volume = {ftp://ftp.pgpi.org/pub/pgp/7.0/docs/english/IntroToCrypto.pdf},
	Year = {2000}}

@webpage{google:cpp-styleguide,
	Date-Added = {2014-02-03 15:55:36 +0000},
	Date-Modified = {2014-02-03 15:55:55 +0000},
	Url = {http://google-styleguide.googlecode.com/svn/trunk/cppguide.xml#Streams}}

@url{abi:iptv-marketshare,
	Date-Added = {2014-01-28 14:43:41 +0000},
	Date-Modified = {2014-01-28 14:44:36 +0000},
	Title = {Worldwide pay-TV Subscribers to Exceed 1.1 Billion in 2019 with Increasing IPTV Market Share},
	Url = {https://www.abiresearch.com/press/worldwide-pay-tv-subscribers-to-exceed-11-billion-},
	Bdsk-Url-1 = {https://www.abiresearch.com/press/worldwide-pay-tv-subscribers-to-exceed-11-billion-}}

@electronic{frost:iptv-market,
	Author = {Frost and Sullivan},
	Date-Added = {2014-01-28 14:38:19 +0000},
	Date-Modified = {2014-01-28 14:39:13 +0000},
	Title = {Global IPTV Equipment Market and Provider Competition Analysis},
	Urldate = {www.frost.com/prod/servlet/cio/177371267}}

@article{gartner:predicts-2014-cognizant-computing,
	Author = {Carolina Milanesi and Meike Escherich and Hugues J. De La Vergne and Angela McIntyre and Jessica Ekholm and Anshul Gupta},
	Date-Added = {2014-01-28 13:58:02 +0000},
	Date-Modified = {2014-02-04 09:06:09 +0000},
	Journal = {Gartner},
	Month = {December},
	Title = {Predicts 2014: Cognizant Computing --- Another Kind of Smart Device},
	Year = {2013}}

@webpage{netmarketshare:desktop-os,
	Date-Added = {2014-01-28 13:09:55 +0000},
	Date-Modified = {2014-01-28 13:10:08 +0000},
	Url = {http://www.netmarketshare.com/operating-system-market-share.aspx},
	Bdsk-Url-1 = {http://www.netmarketshare.com/operating-system-market-share.aspx}}

@webpage{w3techs:os-web,
	Date-Added = {2014-01-28 13:08:43 +0000},
	Date-Modified = {2014-01-28 13:09:00 +0000},
	Url = {http://w3techs.com/technologies/overview/operating_system/all},
	Bdsk-Url-1 = {http://w3techs.com/technologies/overview/operating_system/all}}

@webpage{amd:first-multicore-x86,
	Date-Added = {2014-01-28 12:48:47 +0000},
	Date-Modified = {2014-01-28 12:48:58 +0000},
	Url = {http://www.amd.com/us/press-releases/Pages/Press_Release_89872.aspx},
	Bdsk-Url-1 = {http://www.amd.com/us/press-releases/Pages/Press_Release_89872.aspx}}

@webpage{caida:application-protocol-percentage,
	Date-Added = {2014-01-28 10:20:16 +0000},
	Date-Modified = {2014-01-28 10:20:36 +0000},
	Url = {http://www.caida.org/data/realtime/passive/?monitor=equinix-chicago-dirA},
	Bdsk-Url-1 = {http://www.caida.org/data/realtime/passive/?monitor=equinix-chicago-dirA}}

@article{ijcsi:dns-steganography,
	Author = {Abdulrahman H. Altalhi, Md Asri Ngadi, Syaril Nizam Omar, Zailani Mohamed Sidek},
	Date-Added = {2014-01-28 09:47:50 +0000},
	Date-Modified = {2014-01-28 09:52:35 +0000},
	Journal = {IJCSI International Journal of Computer Science},
	Keywords = {DNS Identification, Covert Channel, Normal Distribution},
	Month = {November},
	Number = {3},
	Pages = {149-156},
	Title = {DNS ID Covert Channel based on Lower Bound Steganography for Normal DNS ID Distribution},
	Volume = {8},
	Year = {2011}}

@url{ace,
	Author = {Douglas C. Schmidt},
	Date-Added = {2014-01-24 14:27:33 +0000},
	Date-Modified = {2014-01-28 09:43:58 +0000},
	Title = {The ADAPTIVE Communication Environment ACE},
	Urldate = {http://www.cs.wustl.edu/~schmidt/ACE.html}}

@webpage{zeromq,
	Date-Added = {2014-01-24 14:26:17 +0000},
	Date-Modified = {2014-01-28 09:45:00 +0000},
	Title = {Distributed Computing Made Simple},
	Url = {http://zeromq.org/},
	Urldate = {http://zeromq.org/},
	Bdsk-Url-1 = {http://zeromq.org/}}

@webpage{cpp-netlib,
	Date-Added = {2014-01-24 14:25:45 +0000},
	Date-Modified = {2014-01-28 09:44:11 +0000},
	Title = {A collection of open-source libraries for high level network programming},
	Url = {http://cpp-netlib.org/},
	Urldate = {http://cpp-netlib.org/},
	Bdsk-Url-1 = {http://cpp-netlib.org/}}

@webpage{boost.asio,
	Date-Added = {2014-01-24 14:25:06 +0000},
	Date-Modified = {2014-01-28 09:44:17 +0000},
	Title = {Boost.Asio a cross-platform library for network and low-level I/O},
	Url = {http://www.boost.org/doc/libs/1_55_0/doc/html/boost_asio.html},
	Urldate = {http://www.boost.org/doc/libs/1_55_0/doc/html/boost_asio.html},
	Bdsk-Url-1 = {http://www.boost.org/doc/libs/1_55_0/doc/html/boost_asio.html}}

@webpage{poco,
	Date-Added = {2014-01-24 14:24:26 +0000},
	Date-Modified = {2014-01-28 09:44:30 +0000},
	Title = {POCO C++ Library},
	Url = {http://pocoproject.org/},
	Urldate = {http://pocoproject.org/},
	Bdsk-Url-1 = {http://pocoproject.org/}}

@webpage{raknet,
	Date-Added = {2014-01-24 14:21:59 +0000},
	Date-Modified = {2014-01-28 09:44:37 +0000},
	Title = {RakNet - cross-platform game networking engine},
	Url = {http://www.jenkinssoftware.com/},
	Urldate = {http://www.jenkinssoftware.com/},
	Bdsk-Url-1 = {http://www.jenkinssoftware.com/}}

@webpage{yield,
	Date-Added = {2014-01-24 14:20:15 +0000},
	Date-Modified = {2014-01-28 09:44:52 +0000},
	Title = {C++ web application server},
	Url = {https://github.com/minorg/yield},
	Urldate = {https://github.com/minorg/yield},
	Bdsk-Url-1 = {https://github.com/minorg/yield}}

@webpage{wvstreams,
	Date-Added = {2014-01-24 14:20:02 +0000},
	Date-Modified = {2014-01-28 09:44:45 +0000},
	Title = {C++ networking library including UniConf and a convenient D-Bus API},
	Url = {https://github.com/wlach/wvstreams},
	Urldate = {https://github.com/wlach/wvstreams},
	Bdsk-Url-1 = {https://github.com/wlach/wvstreams}}

@electronic{poco-network,
	Date-Added = {2014-01-24 14:17:59 +0000},
	Date-Modified = {2014-01-24 14:23:09 +0000},
	Title = {POCO C++ Library - Network Programming},
	Urldate = {http://pocoproject.org/slides/200-Network.pdf}}

@webpage{cpp-netlib-directives,
	Date-Added = {2014-01-24 13:47:24 +0000},
	Date-Modified = {2014-01-24 13:47:31 +0000},
	Url = {https://github.com/cpp-netlib/cpp-netlib/blob/master/doc/techniques/directives.rst},
	Bdsk-Url-1 = {https://github.com/cpp-netlib/cpp-netlib/blob/master/doc/techniques/directives.rst}}

@webpage{cpp-netlib-message,
	Date-Added = {2014-01-24 13:45:53 +0000},
	Date-Modified = {2014-01-24 14:09:25 +0000},
	Read = {1},
	Url = {http://cpp-netlib.org/0.10.1/in_depth/message.html},
	Bdsk-Url-1 = {http://cpp-netlib.org/0.10.1/in_depth/message.html}}
